3586 5692
886 395 945 457 141

813 482 1017 491 *-

288 595 358 655 send
380 594 485 672 (1867)
514 604 630 654 centum
656 602 686 653 et
709 595 861 655 duodecim
888 607 1044 667 noverunt;
1075 596 1160 654 bodie
1188 595 1315 654 ducenta
1344 599 1524 676 undeviginti

287 700 406 777 cognita
425 709 502 759 sunt.
534 698 649 756 Horum
670 717 741 774 pars
760 700 828 776 plns
849 700 970 758 dimidia
991 706 1108 776 reperta
1130 710 1176 758 est
1199 700 1278 757 intra
1307 701 1380 759 fines
1404 702 1524 761 Galliae

288 803 432 863 Comatae
455 813 485 861 et
511 802 548 859 ad
571 800 667 860 Rheni
702 802 802 860 littora
825 803 905 877 (vide
933 824 960 880 p.
984 803 1063 879 168),
1096 821 1151 859 non
1176 821 1272 878 pauca
1295 803 1466 878 prodierunt
1493 805 1522 861 in

287 905 453 979 Britannis,
475 924 529 982 par
552 904 614 962 fers
634 924 773 963 numerus
793 906 823 961 in
845 907 997 981 provincia
1025 903 1225 978 Narbonensi,
1245 904 1358 980 aliquot
1377 906 1465 964 etism
1486 908 1524 965 ad

286 1006 470 1079 Danuvium
491 1008 521 1066 iu
535 1006 626 1066 Italia
646 1026 748 1083 pauca,
770 1008 800 1065 in
814 1007 962 1084 Hispania
976 1018 1005 1066 et
1018 1009 1047 1065 in
1059 1008 1163 1066 Airicu
1174 1008 1289 1085 singula
1302 1016 1415 1067 tantum
1425 1011 1524 1088 signu-

286 1111 355 1170 cula
373 1111 549 1187 apparuisse
573 1117 676 1168 notatu
702 1111 820 1187 dignum
841 1122 894 1169 est
945 1111 1040 1168 Erant
1063 1111 1114 1186 qui
1135 1110 1352 1187 signaculorum
1375 1111 1521 1190 ingentem

287 1212 502 1271 multitudinem
517 1214 546 1270 in
562 1212 666 1271 Gallis
678 1213 855 1272 effossurum
868 1233 905 1271 ex
920 1213 1041 1290 antiqua
1055 1213 1242 1271 sacerdotum
1258 1214 1416 1289 disciplina
1431 1215 1520 1273 dedu-

287 1334 353 1375 cere
371 1315 539 1386 voluerunt;
560 1335 614 1391 ego
629 1315 808 1374 Druidarum
830 1335 865 1373 ne
887 1316 1039 1392 vestigium
1060 1315 1177 1392 quidem
1199 1317 1306 1374 notavi.
1339 1315 1521 1376 Concludoe

285 1417 428 1490 locorum,
462 1418 620 1496 inquibus
646 1418 758 1494 lapides
787 1418 835 1477 isti
860 1429 1067 1495 apparuerunt,
1098 1419 1241 1477 varietate
1265 1420 1393 1478 medicos
1413 1428 1521 1478 statam

285 1521 386 1580 sedem
407 1540 464 1579 non
484 1520 629 1592 babuisse,
650 1521 705 1579 nisi
720 1521 796 1578 forte
811 1522 840 1579 in
855 1521 976 1580 urbibus
988 1521 1135 1579 nonnullis
1147 1520 1271 1597 (Remis,
1285 1521 1381 1596 Nasii‚
1406 1523 1520 1601 Bagam,

287 1622 491 1696 Vesontione),
515 1624 569 1682 sed
590 1623 671 1681 vicos
691 1633 721 1681 et
741 1624 828 1681 villas
848 1624 953 1682 sedulo
972 1641 1145 1700 peragrasse
1167 1632 1198 1682 ut
1222 1636 1356 1702 aegrotos
1377 1625 1520 1686 iuvarent.

324 1725 454 1785 Omnino
488 1726 569 1783 nulla
601 1737 720 1802 reperta
752 1736 819 1784 sunt
852 1726 881 1783 in
912 1727 1045 1801 partibus
1077 1726 1199 1784 Graecis
1234 1727 1350 1802 irnperii
1382 1728 1520 1790 Romani.

287 1826 431 1888 Videntur
452 1830 554 1887 harum
570 1829 695 1905 partium
711 1829 816 1887 medici
830 1828 952 1887 ocularii
967 1829 1095 1886 remedia
1115 1847 1169 1887 sus
1182 1829 1211 1885 in
1226 1829 1354 1887 vasculis
1373 1831 1519 1906 plumbeis

285 1930 332 1989 vel
352 1931 490 1990 fictilibus
509 1931 686 2002 venditasse,
706 1950 830 2006 quorum
853 1930 1057 2007 inscriptiones
1078 1931 1206 1989 breviter
1225 1931 1272 1989 hic
1291 1934 1460 1992 recensebo:

320 2024 522 2111 'Aprrmdtdpco
542 2024 633 2092 λύκων
653 2034 780 2111 (tripos),
811 2034 840 2091 in
862 2034 979 2092 vasculo
999 2034 1140 2110 plumbeo
1161 2034 1264 2093 Cretas
1287 2052 1413 2113 reperto,
1442 2056 1519 2097 nunc

285 2132 409 2195 Parisiis
423 2137 500 2212 upud
514 2135 728 2205 Froehnernm3
759 2134 927 2211 dromida]
942 2125 1041 2209 Muses,
1062 2137 1092 2194 in
1112 2137 1234 2194 vasculo
1248 2137 1384 2212 plumbeo
1398 2137 1519 2216 originis

283 2237 423 2311 incertae,
444 2258 518 2297 nunc
538 2238 664 2296 Parisiis
685 2240 714 2296 in
735 2239 990 2315 nummopbylacio
1010 2238 1156 2314 (Babelon
1178 2238 1244 2301 dull.
1266 2241 1313 2297 des
1333 2252 1392 2301 ant.
1412 2244 1447 2299 ds
1464 2242 1517 2303 dir,

286 2341 362 2402 1895
382 2362 411 2418 p.
427 2342 510 2418 188);
541 2342 703 2418 Ἡρακλείου
723 2333 823 2413 λιίκιον,
843 2342 874 2400 in
888 2342 1009 2400 vasculo
1029 2341 1188 2419 argillaceo
1209 2343 1341 2417 originis,
1362 2343 1518 2418 undisoni,

284 2441 466 2502 Tarentinae
493 2443 538 2520 (0.
552 2445 574 2503 l.
587 2443 622 2503 G.
643 2444 866 2505 8512=1nscr.
883 2445 935 2503 Gr.
949 2444 1030 2504 Sicil.
1041 2443 1108 2503 ltal.
1120 2444 1206 2515 2406,
1221 2445 1263 2521 1);
1280 2434 1393 2513 'ldrsme
1417 2436 1517 2518 lieren,

284 2544 315 2602 in
335 2547 466 2606 vasculis
486 2548 651 2625 argillaceis
673 2549 766 2607 tribus
786 2549 893 2625 (lusor.
915 2548 968 2607 Gr.
983 2546 1061 2610 sicit.
1077 2549 1144 2606 Ital.
1160 2549 1245 2618 2406,
1261 2549 1293 2625 2)
1314 2568 1438 2625 quorum
1458 2550 1517 2609 duo

285 2646 408 2707 'l'arenti
440 2663 557 2726 reperta
590 2670 655 2708 esse
689 2651 833 2722 dicuntur,
867 2671 966 2723 unum,
1001 2670 1039 2708 ex
1064 2651 1141 2709 dono
1170 2652 1301 2724 Mowati,
1334 2651 1457 2710 Parisiis
1487 2652 1516 2710 in

284 2752 540 2829 nummopbylscio
564 2763 609 2812 est
631 2752 766 2830 (Tdcbon
787 2753 930 2810 d'Anneci
949 2756 1055 2811 dissert.
1077 2774 1105 2830 p.
1129 2754 1161 2827 6,
1186 2753 1222 2813 cl.
1248 2753 1380 2812 Viscouti
1397 2757 1519 2828 jonrnal

285 2855 332 2913 dss
361 2866 478 2914 sunonis
501 2857 574 2915 1817
600 2878 627 2934 p.
648 2856 716 2927 167;
747 2856 840 2914 Millin
870 2861 999 2932 mupusin
1028 2858 1168 2932 encyclop.
1187 2855 1232 2913 Ill
1254 2857 1360 2932 (1818)
1389 2859 1515 2935 pm),

284 2956 410 3016 alterum
435 2958 557 3017 citatum
582 2979 601 3017 a
624 2959 740 3017 Millino
764 2960 892 3034 descript.
918 2959 982 3016 d‘un
1002 2979 1068 3017 unse
1096 2962 1194 3017 trouvs'
1222 2962 1241 3014 d
1268 2959 1386 3016 Tarento
1406 2959 1515 3028 (Puris.

284 3134 459 3194 dissolutum
480 3146 527 3195 est
546 3138 679 3213 (jonrnsd
698 3140 732 3196 ds
749 3139 912 3214 phonascis
932 3149 957 3195 el
977 3140 1010 3196 de
1030 3139 1125 3196 climie
1146 3139 1230 3199 1863.
1252 3139 1266 3196 1
1286 3159 1315 3216 p.
1330 3139 1389 3216 98).
1429 3141 1515 3200 Corn·

283 3212 393 3288 positio
414 3214 617 3272 medicamenti
639 3215 711 3274 haec
730 3226 806 3274 erut:

486 3314 592 3370 mollire
609 3319 749 3388 orpunipae
765 3320 853 3372 aeoles
861 3357 1211 3372 ...........
1234 3317 1312 3385 8383

486 3387 558 3438 silice
588 3426 1212 3442 ...................
1251 3387 1313 3453 4,(10

484 3455 615 3524 perorpde
632 3455 663 3509 de
679 3454 721 3522 [er
726 3495 1212 3510 ...............
1236 3456 1314 3524 16,00

486 3524 568 3592 oaepds
584 3525 644 3576 noir
661 3524 692 3577 ds
710 3526 798 3577 calore
828 3563 1212 3578 ............
1251 3524 1313 3587 nnn

486 3592 567 3661 onpds
584 3592 615 3646 ds
631 3593 717 3663 plomb
726 3632 1212 3648 ...............
1235 3592 1313 3659 23,oe

487 3661 627 3714 cordonare
644 3662 675 3715 de
692 3663 777 3715 elnon
793 3701 1210 3717 .............
1235 3662 1311 3729 ll‚6d

484 3739 556 3800 perte
589 3769 1212 3784 ...................
1253 3730 1312 3798 1,69

1156 3800 1360 3879 W

320 3906 433 3986 Nuper,
463 3918 566 3986 rogatu
598 3930 674 3979 meo,
704 3910 900 3968 chemicorum
927 3910 1183 3986 franco-gallorum
1205 3912 1340 3987 princeps
1361 3911 1513 3969 Berthelol

281 3985 308 4044 fr
348 3996 444 4045 menta
465 3988 629 4045 minuscula
649 4008 668 4045 a
682 3989 808 4046 Mowuto
828 3988 962 4063 praebita
983 3989 1112 4046 eiusdem
1133 3988 1314 4047 substantiae
1333 3989 1513 4046 examinavit

282 4073 312 4123 et
355 4082 412 4124 ane
434 4065 578 4142 unalysim
600 4066 683 4122 iecit:

485 4168 573 4221 ce'ruse
591 4165 743 4237 [corbonate
760 4168 791 4221 de
806 4167 914 4238 plornb],

485 4235 624 4290 cordonare
641 4240 672 4290 de
689 4237 784 4305 cluna,

484 4305 565 4373 orpus
583 4307 613 4358 ds
630 4304 680 4372 ser,

483 4374 627 4456 plosplote
644 4375 676 4426 de
693 4373 844 4442 choaspen
861 4373 999 4443 adundant,

485 4443 590 4496 moriers
612 4444 752 4512 orpaniqus
774 4442 918 4496 osmonte
943 4442 1040 4510 [ονηιέο
1063 4460 1118 4525 par
1144 4461 1179 4497 ran
1204 4445 1317 4514 me'lunpe
1343 4444 1374 4498 ds
1400 4443 1510 4498 diverses

502 4511 688 4631 “Usudstuncea
706 4514 768 4564 dont
784 4513 974 4582 quelques-unes
992 4520 1100 4581 moises,

482 4595 506 4633 ss
518 4596 565 4647 sce,

483 4656 759 4786 psapppcbppnptypppgoe
776 4723 800 4769 et
816 4716 848 4770 de
863 4715 960 4783 salsole
977 4717 1008 4772 ds
1025 4717 1117 4771 ciuus.

279 4804 383 4869 Stsuni
402 4810 516 4889 robigo,
536 4812 698 4870 remedium
719 4809 961 4885 efficacissimum,
981 4813 1065 4871 abest
1085 4832 1103 4869 a
1123 4812 1239 4889 collyrii
1259 4814 1395 4871 mixtura.
