3556 5692
251 1798 252 1802 ¹
323 1820 503 1878 Medicorum
533 1818 745 1876 oculatiorum'
761 1818 914 1896 signacula
944 1819 973 1875 in
1003 1819 1102 1878 multis
1132 1819 1242 1878 libellis
1266 1819 1415 1894 descripta
1439 1831 1516 1892 erint,

283 1940 408 1998 quorum
448 1921 579 1996 potiores
618 1927 732 1979 tautum
776 1921 824 1979 hic
863 1923 1036 1992 recensebo;
1078 1921 1114 1979 de
1153 1922 1260 1980 ceteris
1301 1921 1340 1978 ad
1379 1921 1517 1980 lemmata

284 2024 407 2100 singulis
428 2024 557 2081 numeris
575 2023 731 2099 ‘supposita
754 2022 885 2101 relegare
909 2025 981 2083 satis
1002 2024 1097 2081 visum
1117 2035 1171 2082 est.
1211 2024 1247 2082 Id
1268 2030 1381 2082 tautum
1402 2041 1516 2098 moneo,

284 2146 330 2185 me
365 2127 473 2202 ubique
506 2126 708 2202 ephemerides
740 2125 789 2184 vel
822 2139 889 2185 acta
921 2127 1093 2185 societatum
1125 2127 1316 2200 eruditarum,
1349 2128 1455 2203 quibus
1486 2127 1515 2185 hi

284 2229 485 2287 commentarii
515 2228 687 2304 plerumque
715 2228 817 2287 inserti
852 2236 935 2302 sunt,
966 2249 1023 2286 non
1055 2240 1209 2305 separatas
1242 2249 1344 2288 eorum
1370 2229 1516 2289 editiones

284 2330 384 2389 citare.

322 2434 346 2491 Ι.
380 2435 526 2493 Iohannes
557 2434 681 2492 stutn
715 2433 858 2507 medicus,
894 2433 1087 2510 Stuttgartiae
1116 2455 1144 2492 a.
1172 2435 1245 2493 1616
1279 2435 1447 2507 defunctus,
1480 2436 1517 2494 de

284 2537 379 2613 primo
399 2537 548 2613 signaculo
567 2556 594 2595 a.
611 2536 686 2595 1606
716 2547 834 2612 reperto
864 2536 984 2612 scripsit
1007 2537 1164 2613 epistulam
1189 2536 1345 2596 Friderico
1367 2537 1516 2595 Wurtem-

283 2640 399 2716 bergine
419 2640 495 2712 duci,
511 2659 608 2716 <quam
628 2639 720 2697 edidit
739 2639 874 2698 Clemens
895 2638 1078 2712 vaunnor,
1102 2640 1214 2698 Notices
1239 2659 1289 2699 sur
1313 2641 1441 2716 quelques
1460 2643 1515 2698 mi·

282 2745 387 2815 decius,
416 2745 596 2801 naturalistes
628 2754 655 2800 et
683 2761 848 2816 aprcnomes
876 2744 925 2800 nis
956 2762 993 2800 ou
1017 2744 1114 2803 itablis
1144 2745 1163 2800 ὰ
1192 2744 1383 2805 Montbbliard
1411 2744 1458 2800 elis
1490 2744 1516 2802 le

281 2848 403 2904 seizibme
422 2847 501 2904 siecle
520 2845 717 2921 (vesontione
740 2846 824 2905 1835.
850 2846 905 2922 81).

321 2949 360 3005 ll.
395 2948 443 3008 Io.-
460 2948 531 3005 Ero.
554 2947 675 3009 lmmsn.
691 2948 810 3005 Wsucu
831 2948 888 3005 duo
903 2947 1045 3024 opuscula
1065 2949 1122 3005 huc
1138 2948 1317 3024 pertinentis
1337 2949 1515 3023 composuit:

282 3052 414 3125 Sipillum
436 3053 536 3108 medici
555 3051 674 3108 ocularii
692 3051 815 3109 Romani
844 3070 935 3126 nuper
963 3052 994 3108 in
1023 3069 1094 3125 apro
1122 3052 1228 3112 termut
1255 3061 1395 3126 repertum
1418 3062 1442 3108 et
1467 3052 1515 3109 cb·

280 3155 485 3212 cessationibus
505 3155 677 3211 illustratum
682 3175 694 3221 ,·
714 3156 847 3212 accedunt
861 3155 973 3229 reliqua
992 3153 1086 3228 sipilla
1101 3163 1128 3210 et
1139 3157 1330 3228 inscriptiones
1343 3155 1515 3212 medicorum

281 3257 473 3315 oculatiorem
505 3269 625 3314 oneum
645 3257 745 3332 (lenae
776 3256 857 3315 1763.
885 3257 930 3332 41)
962 3266 992 3313 et
1024 3257 1213 3331 Antiquitutes
1246 3258 1367 3315 medicae
1399 3259 1513 3314 selectae

280 3360 383 3437 (lenae
399 3360 482 3418 1772.
503 3360 548 3435 8⁰)
568 3359 721 3437 signacula
740 3360 839 3418 decem
860 3370 889 3417 et
909 3369 1022 3435 septem
1042 3358 1234 3418 continentes.

320 3462 378 3522 llI.
411 3462 489 3519 Dan.
511 3461 769 3522 Guil.'l*u1uuun:
804 3462 849 3520 De
871 3465 959 3519 variis
987 3473 1108 3519 ceterum
1132 3463 1300 3519 medicorum
1324 3462 1513 3519 cculariorum

281 3567 416 3640 collyriis,
450 3584 569 3640 puerum
598 3568 730 3622 memoria
759 3568 788 3620 in
817 3567 920 3635 priscis
946 3565 1089 3639 lapidibus
1114 3567 1257 3639 inscriptis
1277 3565 1371 3622 adbuc
1390 3574 1515 3639 mperest

280 3667 393 3744 (Viteb.
410 3668 491 3726 llll.
502 3668 555 3742 4⁰).
589 3666 757 3744 signacula,
778 3667 814 3724 de
833 3666 939 3742 quibus
960 3667 1099 3743 disputat,
1120 3667 1182 3743 ipse
1202 3686 1260 3725 uon
1281 3667 1361 3724 vidit

319 3771 372 3831 IV.
408 3770 575 3847 Christoph.
596 3768 723 3828 Ssxtvs:
744 3769 877 3844 Epistola
896 3770 1045 3826 advirum
1066 3771 1268 3844 amplissimum
1287 3770 1513 3827 eruditissimum·

281 3893 334 3950 que
354 3874 509 3930 Henricum
529 3892 585 3929 uun
605 3872 679 3946 an
698 3873 731 3928 de
751 3859 848 3928 umeris
867 3873 967 3929 medici
987 3872 1107 3929 ocularii
1125 3891 1232 3946 pmnma
1251 3872 1402 3947 spbrapide
1418 3890 1513 3946 prope

284 3963 444 4034 Traiectum
463 3976 503 4034 ad
521 3975 635 4033 Mosam
654 3993 745 4049 nuper
764 3985 843 4032 errata
857 3973 1002 4048 (Traiecti
1022 3975 1059 4031 ad
1074 3974 1208 4046 Rhenum
1226 3975 1309 4034 1774.
1330 3975 1385 4047 81).
1429 3972 1511 4030 ldem

280 4100 308 4138 a.
330 4079 405 4139 1782
435 4080 464 4135 in
489 4077 729 4151 Verbcndelinpen
753 4080 911 4151 uitpepeeen
939 4071 1011 4135 do‘cr
1043 4079 1088 4134 let
1109 4078 1297 4152 penoctsclrap
1323 4079 1373 4134 der
1403 4075 1512 4135 Weten·

280 4184 422 4257 sclmppen
441 4192 465 4239 te
489 4180 646 4254 Vlissr‘npen
665 4180 818 4255 (Middelb.
833 4180 879 4256 81)
900 4178 1081 4257 signaculum
1102 4180 1242 4237 ineditum
1262 4179 1390 4237 exhibet.

320 4285 357 4342 V.
391 4284 433 4343 lo.
469 4283 572 4342 Heius.
602 4283 731 4340 lvuuun:
766 4282 955 4343 Bibliothecae
986 4284 1189 4358 cpbtbalmicae
1222 4287 1360 4358 specimen
1390 4286 1512 4357 primum
1570 4356 1571 4359 Ἴ

280 4386 448 4463 (Hamburg
468 4387 551 4446 1783.
573 4386 626 4461 81).
667 4384 750 4443 Nihil
770 4387 840 4444 nori
859 4386 953 4444 affert.

321 4488 372 4550 Vl.
406 4489 552 4548 Ricardus
566 4488 681 4548 Govou
701 4499 839 4565 quattuor
852 4499 881 4546 et
893 4488 995 4565 viginti
1011 4488 1161 4565 signacula
1176 4487 1295 4565 collegit
1313 4487 1343 4544 in
1358 4489 1511 4564 opusculo,

281 4593 327 4651 cui
359 4593 463 4651 titulus
493 4601 539 4651 est
567 4592 764 4650 obseruatione
789 4611 826 4648 cn
854 4595 958 4649 certain
981 4602 1087 4666 stampe
1115 4611 1148 4649 cr
1180 4592 1253 4649 seals
1283 4594 1352 4649 used
1373 4593 1512 4667 ancientlp

280 4695 315 4768 bp
337 4695 379 4752 tlte
399 4696 521 4767 catilius,
541 4713 578 4752 ex
590 4695 796 4768 Arcbaeclopia
807 4694 841 4769 (t.
856 4693 911 4765 lX,
930 4695 1013 4752 1789.
1024 4695 1068 4767 41)
1090 4713 1222 4754 seorsum
1244 4713 1395 4772 expresso,
1415 4701 1512 4753 textus

280 4816 317 4855 ex
338 4796 422 4856 libris
440 4798 578 4857 mendose
597 4797 800 4857 transcribens.

667 5305 670 5312 ’
723 5321 945 5464 57194
